@inproceedings{shankar2000seasonal,
  title={Seasonal cycle of sea level and currents along the coast of India},
  author={Shankar, D},
  year={2000},
  organization={Indian Academy of Sciences}}
  
@article{sengupta2001origin,
  title={Origin of intraseasonal variability of circulation in the tropical central Indian Ocean},
  author={Sengupta, Debasis and Senan, Retish and Goswami, BN},
  journal={Geophysical Research Letters},
  volume={28},
  number={7},
  pages={1267--1270},
  year={2001},
  publisher={Wiley Online Library}}

@article{unnikrishnan2007sea,
  title={Are sea-level-rise trends along the coasts of the north Indian Ocean consistent with global estimates?},
  author={Unnikrishnan, AS and Shankar, D},
  journal={Global and Planetary Change},
  volume={57},
  number={3-4},
  pages={301--307},
  year={2007},
  publisher={Elsevier}
}

@article{woppelmann2016vertical,
  title={Vertical land motion as a key to understanding sea level change and variability},
  author={W{\"o}ppelmann, Guy and Marcos, Marta},
  journal={Reviews of Geophysics},
  volume={54},
  number={1},
  pages={64--92},
  year={2016},
  publisher={Wiley Online Library}
}

@article{cazenave2014rate,
  title={The rate of sea-level rise},
  author={Cazenave, Anny and Dieng, Habib-Boubacar and Meyssignac, Benoit and Von Schuckmann, Karina and Decharme, Bertrand and Berthier, Etienne},
  journal={Nature Climate Change},
  volume={4},
  number={5},
  pages={358--361},
  year={2014},
  publisher={Nature Publishing Group}
}

@article{church2013evaluating,
  title={Evaluating the ability of process based models to project sea-level change},
  author={Church, John A and Monselesan, Didier and Gregory, Jonathan M and Marzeion, Ben},
  journal={Environmental Research Letters},
  volume={8},
  number={1},
  pages={014051},
  year={2013},
  publisher={IOP Publishing}
}

@article{stocker2013climate,
  title={Climate change 2013: The physical science basis},
  author={Stocker, Thomas F and Qin, Dahe and Plattner, Gian-Kasper and Tignor, Melinda and Allen, Simon K and Boschung, Judith and Nauels, Alexander and Xia, Yu and Bex, Vincent and Midgley, Pauline M and others},
  journal={Contribution of working group I to the fifth assessment report of the intergovernmental panel on climate change},
  volume={1535},
  year={2013},
  publisher={Cambridge university press CambridgeNew York}
}

@misc{stocker2014climate,
  title={Climate change 2013: the physical science basis. Contribution of working group I to the fifth assessment report of IPCC the intergovernmental panel on climate change},
  author={Stocker, Thomas F and Qin, Dahe and Plattner, G-K and Tignor, Melinda MB and Allen, Simon K and Boschung, Judith and Nauels, Alexander and Xia, Yu and Bex, Vincent and Midgley, Pauline M},
  year={2014},
  publisher={Cambridge University Press}
}

@article{potemra1991seasonal,
  title={The seasonal circulation of the upper ocean in the Bay of Bengal},
  author={Potemra, James T and Luther, Mark E and O'Brien, James J},
  journal={Journal of Geophysical Research: Oceans},
  volume={96},
  number={C7},
  pages={12667--12683},
  year={1991},
  publisher={Wiley Online Library}
}

@article{yu1991remote,
  title={On the remote forcing of the circulation in the Bay of Bengal},
  author={Yu, Lisan and O'Brien, James J and Yang, Jiayan},
  journal={Journal of Geophysical Research: Oceans},
  volume={96},
  number={C11},
  pages={20449--20454},
  year={1991},
  publisher={Wiley Online Library}
}

@article{shankar2002monsoon,
  title={The monsoon currents in the north Indian Ocean},
  author={Shankar, D and Vinayachandran, PN and Unnikrishnan, AS},
  journal={Progress in oceanography},
  volume={52},
  number={1},
  pages={63--120},
  year={2002},
  publisher={Elsevier}
}

@article{rao2010interannual,
  title={Interannual variability of Kelvin wave propagation in the wave guides of the equatorial Indian Ocean, the coastal Bay of Bengal and the southeastern Arabian Sea during 1993--2006},
  author={Rao, RR and Kumar, MS Girish and Ravichandran, M and Rao, AR and Gopalakrishna, VV and Thadathil, P},
  journal={Deep Sea Research Part I: Oceanographic Research Papers},
  volume={57},
  number={1},
  pages={1--13},
  year={2010},
  publisher={Elsevier}
}

@article{oliver2010madden,
  title={Madden-Julian Oscillation and sea level: Local and remote forcing},
  author={Oliver, ECJ and Thompson, KR},
  journal={Journal of Geophysical Research: Oceans},
  volume={115},
  number={C1},
  year={2010},
  publisher={Wiley Online Library}
}

@article{shetye2008observational,
  title={Observational evidence for remote forcing of the West India Coastal Current},
  author={Shetye, SR and Suresh, I and Shankar, D and Sundar, D and Jayakumar, S and Mehra, P and Prabhudesai, RG and Pednekar, PS},
  journal={Journal of Geophysical Research: Oceans},
  volume={113},
  number={C11},
  year={2008},
  publisher={Wiley Online Library}
}

@article{shenoi2010intra,
  title={Intra-seasonal variability of the coastal currents around India: A review of the evidences from new observations},
  author={Shenoi, SSC},
  year={2010},
  publisher={NISCAIR-CSIR, India}
}

@article{durand2009spatiotemporal,
  title={Spatiotemporal structure of the East India Coastal Current from satellite altimetry},
  author={Durand, Fabien and Shankar, D and Birol, F and Shenoi, SSC},
  journal={Journal of Geophysical Research: Oceans},
  volume={114},
  number={C2},
  year={2009},
  publisher={Wiley Online Library}
}

@article{vialard2009intraseasonal,
  title={Intraseasonal response of the northern Indian Ocean coastal waveguide to the Madden-Julian Oscillation},
  author={Vialard, J{\'e}r{\^o}me and Shenoi, SSC and McCreary, JP and Shankar, D and Durand, Fabien and Fernando, V and Shetye, SR},
  journal={Geophysical Research Letters},
  volume={36},
  number={14},
  year={2009},
  publisher={Wiley Online Library}
}

@article{amol2014observed,
  title={Observed intraseasonal and seasonal variability of the West India Coastal Current on the continental slope},
  author={Amol, P and Shankar, D and Fernando, V and Mukherjee, A and Aparna, SG and Fernandes, R and Michael, GS and Khalap, ST and Satelkar, NP and Agarvadekar, Y and others},
  journal={Journal of earth system science},
  volume={123},
  number={5},
  pages={1045--1074},
  year={2014},
  publisher={Springer}
}

@article{mukherjee2014observed,
  title={Observed seasonal and intraseasonal variability of the East India Coastal Current on the continental slope},
  author={Mukherjee, A and Shankar, D and Fernando, V and Amol, P and Aparna, SG and Fernandes, R and Michael, GS and Khalap, ST and Satelkar, NP and Agarvadekar, Y and others},
  journal={Journal of Earth System Science},
  volume={123},
  number={6},
  pages={1197--1232},
  year={2014},
  publisher={Springer}
}

@article{clarke1994interannual,
  title={Interannual sea level in the northern and eastern Indian Ocean},
  author={Clarke, Allan J and Liu, X},
  journal={Journal of Physical Oceanography},
  volume={24},
  number={6},
  pages={1224--1235},
  year={1994}
}

@article{han2002forcing,
  title={Forcing mechanisms of sea level interannual variability in the Bay of Bengal},
  author={Han, Weiqing and Webster, Peter J},
  journal={Journal of Physical Oceanography},
  volume={32},
  number={1},
  pages={216--239},
  year={2002}
}

@article{philander1990nino,
  title={El Ni{\~n}o, La Ni{\~n}a, and the southern oscillation, 293 pp},
  author={Philander, SG},
  journal={San Diego, CA: Academic},
  year={1990}
}

@article{schott2009indian,
  title={Indian Ocean circulation and climate variability},
  author={Schott, Friedrich A and Xie, Shang-Ping and McCreary Jr, Julian P},
  journal={Reviews of Geophysics},
  volume={47},
  number={1},
  year={2009},
  publisher={Wiley Online Library}
}

@article{harrison1996coads,
  title={The COADS sea level pressure signal: A near-global El Ni{\~n}o composite and time series view, 1946--1993},
  author={Harrison, DE and Larkin, Narasimhan K},
  journal={Journal of Climate},
  volume={9},
  number={12},
  pages={3025--3055},
  year={1996}
}

@article{klein1999remote,
  title={Remote sea surface temperature variations during ENSO: Evidence for a tropical atmospheric bridge},
  author={Klein, Stephen A and Soden, Brian J and Lau, Ngar-Cheung},
  journal={Journal of climate},
  volume={12},
  number={4},
  pages={917--932},
  year={1999}
}

@article{tozuka2008tropical,
  title={Tropical Indian Ocean variability revealed by self-organizing maps},
  author={Tozuka, Tomoki and Luo, Jing-Jia and Masson, Sebastien and Yamagata, Toshio},
  journal={Climate Dynamics},
  volume={31},
  number={2-3},
  pages={333--343},
  year={2008},
  publisher={Springer}
}

@article{schot2009indian,
  title={Indian Ocean circulation and climate variability [J]},
  author={Schot, F and Xie, SP and McCrery, J},
  journal={Rev Geophys},
  volume={47},
  number={1},
  year={2009}
}

@article{behera2003influence,
  title={Influence of the Indian Ocean dipole on the Southern Oscillation},
  author={Behera, Swadhin K and Yamagata, Toshio},
  journal={Journal of the Meteorological Society of Japan. Ser. II},
  volume={81},
  number={1},
  pages={169--177},
  year={2003},
  publisher={Meteorological Society of Japan}
}

@article{saji1999dipole,
  title={A dipole mode in the tropical Indian Ocean},
  author={Saji, NH and Goswami, BN and Vinayachandran, PN and Yamagata, T},
  journal={Nature},
  volume={401},
  number={6751},
  pages={360--363},
  year={1999},
  publisher={Nature Publishing Group}
}

@article{webster1999coupled,
  title={Coupled ocean--atmosphere dynamics in the Indian Ocean during 1997--98},
  author={Webster, Peter J and Moore, Andrew M and Loschnigg, Johannes P and Leben, Robert R},
  journal={Nature},
  volume={401},
  number={6751},
  pages={356--360},
  year={1999},
  publisher={Nature Publishing Group}
}

@article{murtugudde1998seasonal,
  title={Seasonal-to-interannual effects of the Indonesian throughflow on the tropical Indo-Pacific Basin},
  author={Murtugudde, Ragu and Busalacchi, Antonio J and Beauchamp, James},
  journal={Journal of Geophysical Research: Oceans},
  volume={103},
  number={C10},
  pages={21425--21441},
  year={1998},
  publisher={Wiley Online Library}
}

@phdthesis{shankar1998low,
  title={Low-frequency variability of sea level along the coast of India},
  author={Shankar, D},
  year={1998},
  school={Goa University}
}

@article{srinivas2005enso,
  title={ENSO signature in the sea level along the coastline of the Indian subcontinent},
  author={Srinivas, K and Kumar, PK and Revichandran, C},
  year={2005},
  publisher={CSIR}
}

@article{singh2002interannual,
  title={Interannual variability and predictability of sea level along the Indian Coast},
  author={Singh, OP},
  journal={Theoretical and applied climatology},
  volume={72},
  number={1-2},
  pages={11--28},
  year={2002},
  publisher={Springer}
}

@article{shankar2001mean,
  title={Why is mean sea level along the Indian coast higher in the Bay of Bengal than in the Arabian Sea?},
  author={Shankar, D and Shetye, SR},
  journal={Geophysical Research Letters},
  volume={28},
  number={4},
  pages={563--565},
  year={2001},
  publisher={Wiley Online Library}
}

@article{han2001influence,
  title={Influence of precipitation minus evaporation and Bay of Bengal rivers on dynamics, thermodynamics, and mixed layer physics in the upper Indian Ocean},
  author={Han, Weiqing and McCreary Jr, Julian P and Kohler, Kevin E},
  journal={Journal of Geophysical Research: Oceans},
  volume={106},
  number={C4},
  pages={6895--6916},
  year={2001},
  publisher={Wiley Online Library}
}

@article{aparna2012signatures,
  title={Signatures of Indian Ocean Dipole and El Ni{\~n}o--Southern Oscillation events in sea level variations in the Bay of Bengal},
  author={Aparna, SG and McCreary, JP and Shankar, D and Vinayachandran, PN},
  journal={Journal of Geophysical Research: Oceans},
  volume={117},
  number={C10},
  year={2012},
  publisher={Wiley Online Library}
}

@article{cheng2013intraseasonal,
  title={Intraseasonal variability of sea surface height in the Bay of Bengal},
  author={Cheng, Xuhua and Xie, Shang-Ping and McCreary, Julian P and Qi, Yiquan and Du, Yan},
  journal={Journal of Geophysical Research: Oceans},
  volume={118},
  number={2},
  pages={816--830},
  year={2013},
  publisher={Wiley Online Library}
}



!data

@article{shankar2010minima,
  title={Minima of interannual sea-level variability in the Indian Ocean},
  author={Shankar, Doraiswamy and Aparna, SG and McCreary, Julian P and Suresh, I and Neetu, S and Durand, Fabien and Shenoi, SSC and Al Saafani, MA},
  journal={Progress in Oceanography},
  volume={84},
  number={3-4},
  pages={225--241},
  year={2010},
  publisher={Elsevier}
}


@article{chatterjee2013yanai,
  title={Yanai waves in the western equatorial Indian Ocean},
  author={Chatterjee, Abhisek and Shankar, D and McCreary Jr, JP and Vinayachandran, PN},
  journal={Journal of Geophysical Research: Oceans},
  volume={118},
  number={3},
  pages={1556--1570},
  year={2013},
  publisher={Wiley Online Library}
}

@article{chatterjee2018dynamics,
  title={Dynamics of A ndaman S ea circulation and its role in connecting the equatorial I ndian O cean to the B ay of B engal},
  author={Chatterjee, Abhisek and Shankar, D and McCreary, JP and Vinayachandran, PN and Mukherjee, A},
  journal={Journal of Geophysical Research: Oceans},
  volume={122},
  number={4},
  pages={3200--3218},
  year={2017},
  publisher={Wiley Online Library}
}


@article{mukherjee2017numerical,
  title={Numerical simulation of the observed near-surface East India Coastal Current on the continental slope},
  author={Mukherjee, A and Shankar, D and Chatterjee, Abhisek and Vinayachandran, PN},
  journal={Climate dynamics},
  volume={50},
  number={11-12},
  pages={3949--3980},
  year={2018},
  publisher={Springer}
}


@article{mukherjee2019signature,
  title={Signature of La Ni{\~n}a in interannual variations of the East India Coastal Current during spring},
  author={Mukherjee, A and Kalita, Bijit Kumar},
  journal={Climate dynamics},
  volume={53},
  number={1-2},
  pages={551--568},
  year={2019},
  publisher={Springer}
}

@article{sindhu2007improved,
  title={Improved bathymetric datasets for the shallow water regions in the Indian Ocean},
  author={Sindhu, B and Suresh, I and Unnikrishnan, AS and Bhatkar, NV and Neetu, S and Michael, GS},
  journal={Journal of Earth System Science},
  volume={116},
  number={3},
  pages={261--274},
  year={2007},
  publisher={Springer}
}

@article{shankar1996dynamics,
  title={Dynamics of the East India Coastal Current: 1. Analytic solutions forced by interior Ekman pumping and local alongshore winds},
  author={Shankar, D and McCreary, JP and Han, W and Shetye, SR},
  journal={Journal of Geophysical Research: Oceans},
  volume={101},
  number={C6},
  pages={13975--13991},
  year={1996},
  publisher={Wiley Online Library}
}

@article{mccreary1996dynamics,
  title={Dynamics of the east India coastal current: 2. Numerical solutions},
  author={McCreary, JP and Han, W and Shankar, D and Shetye, SR},
  journal={Journal of Geophysical Research: Oceans},
  volume={101},
  number={C6},
  pages={13993--14010},
  year={1996},
  publisher={Wiley Online Library}
}

@article{kumar2013tropflux,
  title={TropFlux wind stresses over the tropical oceans: evaluation and comparison with other products},
  author={Kumar, B Praveen and Vialard, J{\'e}r{\^o}me and Lengaigne, Matthieu and Murty, VSN and Mcphaden, Michael J and Cronin, MF and Pinsard, Fran{\c{c}}oise and Reddy, K Gopala},
  journal={Climate dynamics},
  volume={40},
  number={7-8},
  pages={2049--2071},
  year={2013},
  publisher={Springer}
}

@article{vinayachandran1996forcing,
  title={Forcing mechanisms of the Bay of Bengal},
  author={Vinayachandran, PN and Shetye, Satish R and Sengupta, Debasis and Gadgil, Sulochana},
  journal={Curr. Sci},
  volume={70},
  number={10},
  pages={753--763},
  year={1996}
}


@article{church2006sea,
  title={Sea-level rise at tropical Pacific and Indian Ocean islands},
  author={Church, John A and White, Neil J and Hunter, John R},
  journal={Global and Planetary Change},
  volume={53},
  number={3},
  pages={155--168},
  year={2006},
  publisher={Elsevier}
}

@article{han2010patterns,
  title={Patterns of Indian Ocean sea-level change in a warming climate, Nat},
  author={Han, W and others},
  journal={Geosci},
  volume={3},
  pages={546--50},
  year={2010}
}

@article{timmermann2010wind,
  title={Wind effects on past and future regional sea level trends in the southern Indo-Pacific},
  author={Timmermann, Axel and McGregor, Shayne and Jin, Fei-Fei},
  journal={Journal of Climate},
  volume={23},
  number={16},
  pages={4429--4437},
  year={2010}
}

@article{unnikrishnan2015sea,
  title={Sea-level-rise trends off the Indian coasts during the last two decades},
  author={Unnikrishnan, AS and Nidheesh, AG and Lengaigne, Matthieu},
  journal={Current Science},
  pages={966--971},
  year={2015},
  publisher={JSTOR}
}

@incollection{swapna2020sea,
  title={Sea-level rise},
  author={Swapna, P and Ravichandran, M and Nidheesh, G and Jyoti, J and Sandeep, N and Deepa, JS and Unnikrishnan, AS},
  booktitle={Assessment of Climate Change over the Indian Region},
  pages={175--189},
  year={2020},
  publisher={Springer}
}

@article{church2011sea,
  title={Sea-level rise from the late 19th to the early 21st century},
  author={Church, John A and White, Neil J},
  journal={Surveys in geophysics},
  volume={32},
  number={4},
  pages={585--602},
  year={2011},
  publisher={Springer}
}

@article{hu2018internal,
  title={Internal climate variability and projected future regional steric and dynamic sea level rise},
  author={Hu, Aixue and Bates, Susan C},
  journal={Nature communications},
  volume={9},
  number={1},
  pages={1--11},
  year={2018},
  publisher={Nature Publishing Group}
}


@article{roemmich20092004,
  title={The 2004--2008 mean and annual cycle of temperature, salinity, and steric height in the global ocean from the Argo Program},
  author={Roemmich, Dean and Gilson, John},
  journal={Progress in oceanography},
  volume={82},
  number={2},
  pages={81--100},
  year={2009},
  publisher={Elsevier}
}

@article{yuan2020relative,
  title={Relative contributions of heat flux and wind stress on the spatiotemporal upper-ocean variability in the tropical Indian Ocean},
  author={Yuan, Xu and Ummenhofer, Caroline C and Seo, Hyodae and Su, Zhongbo},
  journal={Environmental research letters},
  volume={15},
  number={8},
  pages={084047},
  year={2020},
  publisher={IOP Publishing}
}

@article{volkov2017decade,
  title={Decade-long deep-ocean warming detected in the subtropical South Pacific},
  author={Volkov, Denis L and Lee, Sang-Ki and Landerer, Felix W and Lumpkin, Rick},
  journal={Geophysical research letters},
  volume={44},
  number={2},
  pages={927--936},
  year={2017},
  publisher={Wiley Online Library}
}

@article{zhang2018strengthened,
  title={Strengthened Indonesian throughflow drives decadal warming in the Southern Indian Ocean},
  author={Zhang, Ying and Feng, Ming and Du, Yan and Phillips, Helen E and Bindoff, Nathaniel L and McPhaden, Michael J},
  journal={Geophysical Research Letters},
  volume={45},
  number={12},
  pages={6167--6175},
  year={2018},
  publisher={Wiley Online Library}
}

@article{nieves2015recent,
  title={Recent hiatus caused by decadal shift in Indo-Pacific heating},
  author={Nieves, Veronica and Willis, Josh K and Patzert, William C},
  journal={Science},
  volume={349},
  number={6247},
  pages={532--535},
  year={2015},
  publisher={American Association for the Advancement of Science}
}

@article{ummenhofer2020late,
  title={Late 20th Century Indian Ocean Heat Content Gain Masked by Wind Forcing},
  author={Ummenhofer, Caroline C and Ryan, Svenja and England, Matthew H and Scheinert, Markus and Wagner, Patrick and Biastoch, Arne and B{\"o}ning, Claus W},
  journal={Geophysical Research Letters},
  volume={47},
  number={22},
  pages={e2020GL088692},
  year={2020},
  publisher={Wiley Online Library}
}

@article{li2015decadal,
  title={Decadal sea level variations in the Indian Ocean investigated with HYCOM: Roles of climate modes, ocean internal variability, and stochastic wind forcing},
  author={Li, Yuanlong and Han, Weiqing},
  journal={Journal of Climate},
  volume={28},
  number={23},
  pages={9143--9165},
  year={2015}
}

@article{deepa2019tropical,
  title={The tropical Indian Ocean decadal sea level response to the Pacific decadal oscillation forcing},
  author={Deepa, JS and Gnanaseelan, C and Mohapatra, Sandeep and Chowdary, JS and Karmakar, A and Kakatkar, Rashmi and Parekh, Anant},
  journal={Climate Dynamics},
  volume={52},
  number={7},
  pages={5045--5058},
  year={2019},
  publisher={Springer}
}

@article{nidheesh2017robustness,
  title={Robustness of observation-based decadal sea level variability in the Indo-Pacific Ocean},
  author={Nidheesh, AG and Lengaigne, Matthieu and Vialard, J{\'e}r{\^o}me and Izumo, Takeshi and Unnikrishnan, AS and Meyssignac, Benoit and Hamlington, B and de Boyer Mont{\'e}gut, Cl{\'e}ment},
  journal={Geophysical Research Letters},
  volume={44},
  number={14},
  pages={7391--7400},
  year={2017},
  publisher={Wiley Online Library}
}

@article{sayantani2015tropical,
  title={Tropical Indian Ocean subsurface temperature variability and the forcing mechanisms},
  author={Sayantani, Ojha and Gnanaseelan, C},
  journal={Climate Dynamics},
  volume={44},
  number={9-10},
  pages={2447--2462},
  year={2015},
  publisher={Springer}
}

@article{saji2003possible,
  title={Possible impacts of Indian Ocean dipole mode events on global climate},
  author={Saji, NH and Yamagata, TJCR},
  journal={Climate research},
  volume={25},
  number={2},
  pages={151--169},
  year={2003}
}

@article{shinoda2004remote,
  title={Remote response of the Indian Ocean to interannual SST variations in the tropical Pacific},
  author={Shinoda, Toshiaki and Alexander, Michael A and Hendon, Harry H},
  journal={Journal of climate},
  volume={17},
  number={2},
  pages={362--372},
  year={2004}
}

@article{yang2015seasonality,
  title={Seasonality and predictability of the Indian Ocean dipole mode: ENSO forcing and internal variability},
  author={Yang, Yun and Xie, Shang-Ping and Wu, Lixin and Kosaka, Yu and Lau, Ngar-Cheung and Vecchi, Gabriel A},
  journal={Journal of Climate},
  volume={28},
  number={20},
  pages={8021--8036},
  year={2015},
  publisher={American Meteorological Society}
}
@article{feng2010decadal,
  title={Decadal variability of the Pacific subtropical cells and their influence on the southeast Indian Ocean},
  author={Feng, Ming and McPhaden, Michael J and Lee, Tong},
  journal={Geophysical Research Letters},
  volume={37},
  number={9},
  year={2010},
  publisher={Wiley Online Library}
}

@article{nagura2020variability,
  title={Variability in meridional transport of the subtropical circulation in the south Indian Ocean for the period from 2006 to 2017},
  author={Nagura, Motoki},
  journal={Journal of Geophysical Research: Oceans},
  volume={125},
  number={6},
  pages={e2019JC015874},
  year={2020},
  publisher={Wiley Online Library}
}

@article{yang2020potential,
  title={A potential link between the Southern Ocean warming and the South Indian Ocean heat balance},
  author={Yang, Lina and Murtugudde, Raghu and Zhou, Lei and Liang, Peng},
  journal={Journal of Geophysical Research: Oceans},
  volume={125},
  number={12},
  pages={e2020JC016132},
  year={2020},
  publisher={Wiley Online Library}
}


@article{moore1990excitation,
  title={Excitation of intermediate-frequency equatorial waves at a western ocean boundary: With application to observations from the Indian Ocean},
  author={Moore, Dennis W and McCreary Jr, Julian P},
  journal={Journal of Geophysical Research: Oceans},
  volume={95},
  number={C4},
  pages={5219--5231},
  year={1990},
  publisher={Wiley Online Library}
}

@article{praveen2013tropflux,
  title={TropFlux wind stresses over the tropical oceans: evaluation and comparison with other products},
  author={Praveen Kumar, B and Vialard, J{\'e}r{\^o}me and Lengaigne, Matthieu and Murty, VSN and Mcphaden, Michael J and Cronin, MF and Pinsard, Fran{\c{c}}oise and Gopala Reddy, K},
  journal={Climate dynamics},
  volume={40},
  number={7},
  pages={2049--2071},
  year={2013},
  publisher={Springer}
}

@article{hersbach2020era5,
  title={The ERA5 global reanalysis},
  author={Hersbach, Hans and Bell, Bill and Berrisford, Paul and Hirahara, Shoji and Hor{\'a}nyi, Andr{\'a}s and Mu{\~n}oz-Sabater, Joaqu{\'\i}n and Nicolas, Julien and Peubey, Carole and Radu, Raluca and Schepers, Dinand and others},
  journal={Quarterly Journal of the Royal Meteorological Society},
  volume={146},
  number={730},
  pages={1999--2049},
  year={2020},
  publisher={Wiley Online Library}
}


